@article{greenwood1918efficiency,
  title={On the efficiency of muscular work},
  author={Greenwood, M},
  journal={Proceedings of the Royal Society of London. Series B, Containing Papers of a Biological Character},
  volume={90},
  number={627},
  pages={199--214},
  year={1918},
  publisher={JSTOR}
}